<?xml version="1.0" encoding="UTF-8"?><collection xmlns="http://www.loc.gov/MARC21/slim"><record><leader>00569nam--2200205-i-4500</leader><controlfield tag="001">000020061</controlfield><controlfield tag="002">20161230</controlfield><controlfield tag="005">20161230201033</controlfield><controlfield tag="008">060222s1000------------r-----000-0-eng-d</controlfield><datafield ind1=" " ind2=" " tag="020"><subfield code="a">0824768795</subfield></datafield><datafield ind1=" " ind2=" " tag="040"><subfield code="a">IFIN-HH</subfield></datafield><datafield ind1=" " ind2=" " tag="080"><subfield code="a">535.51.621.375.826</subfield></datafield><datafield ind1="1" ind2=" " tag="100"><subfield code="a">Elion, Glenn R</subfield></datafield><datafield ind1="1" ind2="0" tag="245"><subfield code="a">Electro-optics handbook</subfield><subfield code="c">Glenn r. elion, herbert a. eliot</subfield></datafield><datafield ind1=" " ind2=" " tag="260"><subfield code="a">New York</subfield><subfield code="b">Marcel Dekker, Inc</subfield><subfield code="c">1979</subfield></datafield><datafield ind1=" " ind2=" " tag="300"><subfield code="a">X + 359 P</subfield></datafield><datafield ind1=" " ind2=" " tag="490"><subfield code="a">Electro-optics Series</subfield><subfield code="v">Volume 3</subfield></datafield><datafield ind1="1" ind2=" " tag="700"><subfield code="a">Eliot, Herbert A</subfield></datafield><datafield ind1=" " ind2=" " tag="852"><subfield code="a">70456</subfield><subfield code="c">537.533.3</subfield></datafield><datafield ind1=" " ind2=" " tag="CAT"><subfield code="a">Sys</subfield><subfield code="c">20110901</subfield><subfield code="h">135509</subfield></datafield></record></collection>